<?xml version="1.0" encoding="UTF-8"?><record xmlns="http://www.loc.gov/MARC21/slim" xmlns:cinclude="http://apache.org/cocoon/include/1.0" xmlns:zs="http://www.loc.gov/zing/srw/">
  <leader>00623cz  a2200193n  4500</leader>
  <controlfield tag="001">nr2003032964</controlfield>
  <controlfield tag="003">DLC</controlfield>
  <controlfield tag="005">20130322105437.0</controlfield>
  <controlfield tag="008">031008n| azannaabn          |a aaa     c</controlfield>
  <datafield tag="010" ind1=" " ind2=" ">
    <subfield code="a">nr2003032964</subfield>
    <subfield code="z">n 2007012255</subfield>
  </datafield>
  <datafield tag="035" ind1=" " ind2=" ">
    <subfield code="a">(OCoLC)oca06180399</subfield>
  </datafield>
  <datafield tag="040" ind1=" " ind2=" ">
    <subfield code="a">UPB</subfield>
    <subfield code="b">eng</subfield>
    <subfield code="e">rda</subfield>
    <subfield code="c">UPB</subfield>
    <subfield code="d">DLC</subfield>
    <subfield code="d">UkOxU</subfield>
    <subfield code="d">IEN</subfield>
    <subfield code="d">DLC</subfield>
  </datafield>
  <datafield tag="046" ind1=" " ind2=" ">
    <subfield code="k">2002</subfield>
  </datafield>
  <datafield tag="100" ind1="1" ind2=" ">
    <subfield code="a">Chaves, Fernando,</subfield>
    <subfield code="d">1902-1999.</subfield>
    <subfield code="t">Works.</subfield>
    <subfield code="k">Selections.</subfield>
    <subfield code="f">2002</subfield>
  </datafield>
  <datafield tag="381" ind1=" " ind2=" ">
    <subfield code="a">Selections</subfield>
  </datafield>
  <datafield tag="400" ind1="1" ind2=" ">
    <subfield code="a">Chaves, Fernando,</subfield>
    <subfield code="d">1902-1999.</subfield>
    <subfield code="t">Fernando Chaves.</subfield>
    <subfield code="f">2002</subfield>
  </datafield>
  <datafield tag="400" ind1="1" ind2=" ">
    <subfield code="w">nnea</subfield>
    <subfield code="a">Chaves, Fernando,</subfield>
    <subfield code="d">1902-1999.</subfield>
    <subfield code="t">Selections.</subfield>
    <subfield code="f">2002</subfield>
  </datafield>
  <datafield tag="430" ind1=" " ind2="0">
    <subfield code="a">Fernando Chaves.</subfield>
    <subfield code="f">2002</subfield>
  </datafield>
  <datafield tag="670" ind1=" " ind2=" ">
    <subfield code="a">Fernando Chaves, 2002</subfield>
  </datafield>
</record>